@Book{ schneider:informatik,
	author = "Uwe Schneider and Dieter Werner",
	title = "Taschenbuch der Informatik",
	publisher = "Fachbuchverlag Leipzig (Hanser Verlag)",
	year = "2001",
	ISBN = "3-446-21743-3"
}

@MISC{ DFG2019, 
    title   = {Leitlinien zur {S}icherung guter wissenschaftlicher {P}raxis},
    author  = {{Deutsche Forschungsgemeinschaft}},
    year    = {2019},
    address = {Bonn},
    howpublished = {\url{https://www.dfg.de/foerderung/grundlagen_rahmenbedingungen/gwp/}},
    note = {zuletzt abgerufen am 1.7.2020}
}    
    
@MISC{ TUM2019, 
    title   = {{TUM}-{Z}itierleitfaden},
    author  = {{Technische Universit\"at M\"unchen}},
    year    = {2019},
    address = {M\"unchen},
    howpublished = {\url{http://mediatum.ub.tum.de/1231945}},
    note = {zuletzt abgerufen am 1.7.2020}
}    

@inproceedings{Opitz2019,
  title={Data Analytics and Machine Learning in Wide Area Surveillance Systems},
  author={Opitz, Felix and D{\"a}stner, Kaeye and zu Roseneckh-K{\"o}hler, Bastian von Ha{\ss}ler and Schmid, Elke},
  booktitle={2019 20th International Radar Symposium (IRS)},
  pages={1--10},
  year={2019},
  organization={IEEE}
}

@inproceedings{Daestner2019,
  title={Learning from ADS-B Data for Real-time Radar Applications},
  author={D{\"a}stner, Kaeye and Schmid, Elke and zu Roseneckh-K{\"o}hler, Bastian von Ha{\ss}ler and Opitz, Felix},
  booktitle={2019 20th International Radar Symposium (IRS)},
  pages={1--10},
  year={2019},
  organization={IEEE}
}

@inproceedings{Daestner2018,
  title={Classification of military aircraft in real-time radar systems based on supervised machine learning with labelled ads-b data},
  author={DÓ“stner, Kaeye and Brunessaux, Susie and Schmid, Elke and zu Roseneckh-K{\"o}hler, Bastian von Ha{\ss}ler and Opitz, Felix},
  booktitle={2018 Sensor Data Fusion: Trends, Solutions, Applications (SDF)},
  pages={1--6},
  year={2018},
  organization={IEEE}
}

@techreport{RenzAirport,
  title={Airport quality: holding and go-arounds},
  author={Renz-Wieland, Alexander and Wallenburg, Hugo},
  institution={Technical University Berlin}
}

@article{Wang2020,
  title={Automated data-driven prediction on aircraft estimated time of arrival},
  author={Wang, Zhengyi and Liang, Man and Delahaye, Daniel},
  journal={Journal of Air Transport Management},
  volume={88},
  pages={101840},
  year={2020},
  publisher={Elsevier}
}

@inproceedings{Sun2016,
  title={Large-Scale Flight Phase Identification from ADS-B Data Using Machine Learning Methods},
  author={Sun, J and Ellerbroek, J and Hoekstra, JM},
  booktitle={7th International Conference on Research in Air Transportation},
  year={2016}
}

@inproceedings{Adesina2019,
  title={Aircraft Location Prediction using Deep Learning},
  author={Adesina, Damilola and Adagunodo, Olutobi and Dong, Xishuang and Qian, Lijun},
  booktitle={MILCOM 2019-2019 IEEE Military Communications Conference (MILCOM)},
  pages={127--132},
  year={2019},
  organization={IEEE}
}

@article{meijer2016,
  title={Secure location verification for ADS-B},
  author={Meijer, Stijn and Moonsamy, Veelasha and Batina, Lejla},
  year={2016}
}


@misc{gradientBoosting, 
title={sklearn.ensemble.{G}radient{B}oosting{R}egressor {D}ocumentation},
note ={https://scikit-learn.org/stable/modules/generated/sklearn.ensemble.GradientBoostingRegressor.html, zuletzt abgerufen am 28.07.2020},
journal={scikit-learn Documentation}, publisher={scikit-learn.org},
year={2020}
}

@misc{competition, 
title={{CYD C}ampus {A}ircraft {L}ocalization {C}ompetition | {C}hallenges},
note ={https://www.aicrowd.com/challenges/cyd-campus-aircraft-localization-competition, zuletzt abgerufen am 30.07.2020},
journal={AIcrowd}, publisher={aicrowd.com},
year={2020}
}

@misc{opensky,
	title = {{O}pensky {N}etwork | {A}bout},
	url = {https://opensky-network.org/about/about-us},
	urldate = {2020-07-30},
	note = {https://opensky-network.org/about/about-us, zuletzt abgerufen am 30.07.2020}
	journal = {Opensky Network},
	year = {2020}
}